[gd_scene load_steps=11 format=2]

[ext_resource path="res://levels/main/main_scene.gd" type="Script" id=1]
[ext_resource path="res://fonts/proggy_vector_regular.ttf" type="DynamicFontData" id=2]
[ext_resource path="res://levels/game_world/GameWorld.tscn" type="PackedScene" id=3]
[ext_resource path="res://audio/music/yesyesyesv2.wav" type="AudioStream" id=4]

[sub_resource type="DynamicFont" id=1]
size = 48
outline_size = 1
outline_color = Color( 0, 0, 0, 1 )
use_mipmaps = true
use_filter = true
font_data = ExtResource( 2 )

[sub_resource type="Theme" id=2]
default_font = SubResource( 1 )

[sub_resource type="DynamicFont" id=3]
size = 32
outline_size = 1
outline_color = Color( 0, 0, 0, 1 )
use_mipmaps = true
use_filter = true
font_data = ExtResource( 2 )

[sub_resource type="Theme" id=4]
default_font = SubResource( 3 )

[sub_resource type="DynamicFont" id=5]
font_data = ExtResource( 2 )

[sub_resource type="Theme" id=6]
default_font = SubResource( 5 )

[node name="root" type="Node2D"]
pause_mode = 2
script = ExtResource( 1 )
game_world_scn = ExtResource( 3 )

[node name="Music" type="AudioStreamPlayer" parent="."]
stream = ExtResource( 4 )
bus = "Music"

[node name="GameOverScreen" type="CanvasLayer" parent="."]
pause_mode = 2

[node name="Menu" type="Control" parent="GameOverScreen"]
visible = false
anchor_left = 0.5
anchor_top = 0.5
anchor_right = 0.5
anchor_bottom = 0.5
margin_left = -960.0
margin_top = -540.0
margin_right = 960.0
margin_bottom = 540.0
grow_horizontal = 2
grow_vertical = 2
__meta__ = {
"_edit_use_anchors_": false
}

[node name="Panel" type="Panel" parent="GameOverScreen/Menu"]
anchor_left = 0.5
anchor_top = 0.5
anchor_right = 0.5
anchor_bottom = 0.5
margin_left = -200.0
margin_top = -64.0
margin_right = 200.0
margin_bottom = 64.0
grow_horizontal = 2
grow_vertical = 2
__meta__ = {
"_edit_use_anchors_": false
}

[node name="Game Over" type="Label" parent="GameOverScreen/Menu/Panel"]
anchor_left = 0.5
anchor_top = 0.5
anchor_right = 0.5
anchor_bottom = 0.5
margin_left = -145.0
margin_top = -30.5
margin_right = 145.0
margin_bottom = 30.5
theme = SubResource( 2 )
text = "Game Over!"
align = 1
valign = 1
__meta__ = {
"_edit_use_anchors_": false
}

[node name="Help" type="Label" parent="GameOverScreen/Menu/Panel"]
anchor_left = 0.5
anchor_right = 0.5
margin_left = -172.5
margin_right = 172.5
margin_bottom = 85.0
theme = SubResource( 4 )
text = "Press R to restart
"
align = 1
valign = 1
__meta__ = {
"_edit_use_anchors_": false
}

[node name="Score" type="Label" parent="GameOverScreen/Menu/Panel"]
anchor_left = 0.5
anchor_top = 1.0
anchor_right = 0.5
anchor_bottom = 1.0
margin_left = -172.5
margin_top = -41.0
margin_right = 172.5
grow_horizontal = 2
grow_vertical = 2
theme = SubResource( 4 )
text = "Score: 0"
align = 1
valign = 1
__meta__ = {
"_edit_use_anchors_": false
}

[node name="Control" type="Control" parent="GameOverScreen"]
anchor_left = 0.5
anchor_top = 0.5
anchor_right = 0.5
anchor_bottom = 0.5
margin_left = -960.0
margin_top = -540.0
margin_right = 960.0
margin_bottom = 540.0
grow_horizontal = 2
grow_vertical = 2
__meta__ = {
"_edit_use_anchors_": false
}

[node name="Panel" type="Panel" parent="GameOverScreen/Control"]
self_modulate = Color( 1, 1, 1, 0.627451 )
anchor_left = 0.5
anchor_right = 0.5
margin_left = -64.0
margin_right = 64.0
margin_bottom = 32.0

[node name="Label" type="Label" parent="GameOverScreen/Control/Panel"]
anchor_left = 0.5
anchor_top = 0.5
anchor_right = 0.5
anchor_bottom = 0.5
margin_left = -27.0
margin_top = -7.0
margin_right = 27.0
margin_bottom = 7.0
grow_horizontal = 2
grow_vertical = 2
theme = SubResource( 6 )
text = "FPS: 144"
align = 1
valign = 1
__meta__ = {
"_edit_use_anchors_": false
}

[node name="Score" type="Panel" parent="GameOverScreen/Control"]
self_modulate = Color( 1, 1, 1, 0.627451 )
anchor_left = 0.5
anchor_right = 0.5
margin_left = -64.0
margin_top = 32.0
margin_right = 64.0
margin_bottom = 64.0
__meta__ = {
"_edit_use_anchors_": false
}

[node name="Label" type="Label" parent="GameOverScreen/Control/Score"]
anchor_left = 0.5
anchor_top = 0.5
anchor_right = 0.5
anchor_bottom = 0.5
margin_left = -27.0
margin_top = -7.0
margin_right = 27.0
margin_bottom = 7.0
grow_horizontal = 2
grow_vertical = 2
theme = SubResource( 6 )
text = "Score: "
align = 1
valign = 1
__meta__ = {
"_edit_use_anchors_": false
}
